@online{bettencourt_voynich_nd,
   author  = {Bettencourt, Rebecca},
   title   = {Voynich unicode},
   year    = {n.d.},
   url     = {https://www.kreativekorp.com/software/fonts/voynich/},
   urldate = {2023-01-30}
   }

@online{schwerdtfeger_voynich_2004,
   author  = {Schwerdtfeger, Elias},
   title   = {Voynich information browser},
   year    = {2004},
   url     = {http://voynich.freie-literatur.de/},
   urldate = {2023-01-30}
   }
   
@online{takahashi_voynich_2004,
   author  = {Takahashi, Takeshi},
   title   = {Voynich manuscript-transcription},
   year    = {1999},
   url     = {http://www.voynich.com/pages/index.htm},
   urldate = {2023-01-30}
   }